@article{Wickham:2014vp,
author = {Wickham, Hadley},
title = {{Tidy Data}},
journal = {{Journal of Statistical Software}},
year = {2014},
month = aug,
volume = 59,
issue = 10,
url = {http://www.jstatsoft.org/v59/i10}
}

@article{Wickham:2011,
  author = {Wickham, Hadley},
  title = {The Split-Apply-Combine Strategy for Data Analysis},
  journal = {{Journal of Statistical Software}},
  year = {2011},
  month = apr,
  volume = 40,
  issue = 1,
  url = {http://www.jstatsoft.org/v40/i01/}
}

@misc{Wickham:2007,
  author = {Wickham, Hadley},
  title = {Meifly: Models explored interactively},
  year = {2007},
  url = {http://had.co.nz/model-vis/2007-jsm.pdf}
}


@article{Brauer:2008jn,
author = {Brauer, Matthew J and Huttenhower, Curtis and Airoldi, Edoardo M and Rosenstein, Rachel and Matese, John C and Gresham, David and Boer, Viktor M and Troyanskaya, Olga G and Botstein, David},
title = {{Coordination of growth rate, cell cycle, stress response, and metabolic activity in yeast.}},
journal = {Molecular Biology of the Cell},
year = {2008},
volume = {19},
number = {1},
pages = {352--367},
month = jan
}

@Article{sensemaking,
  title = {A Cognitive Interpretation of Data Analysis},
  author = {Garrett Grolemund and Hadley Wickham},
  year = {2014},
  journal = {International Journal of Statistics},
  volume = {82},
  number = {2},
  pages = {184â€“204},
}


@ARTICLE{Storey:2003b,
  AUTHOR =       {{Storey}, John and {Tibshirani},Rob},
  TITLE =        {Statistical significance for genomewide studies},
  JOURNAL =       {Proc. Natl. Acad. Sci.},
  YEAR =         {2003},
  volume =       {100},
  pages =        {9440-9445},
}

@article{benjamini1995cfd,
author = {Benjamini, Y. and Hochberg, Y.},
title = {{Controlling the false discovery rate: a practical and powerful approach to multiple testing}},
journal = {Journal of the Royal Statistical Society. Series B (Methodological)},
year = {1995},
pages = {289--300}
}

@article{HartiganWong:1979,
author = {Hartigan, J.A. and Wong, .M.A.},
title = {{A K-means clustering algorithm}},
journal = {Applied Statistics},
volume = {28},
issue = {1},
pages = {100-108},
year = {1979},
}

@article{Rahm:2000tl,
author = {Rahm, E and Do, H H},
title = {{Data cleaning: Problems and current approaches}},
journal = {IEEE Data Eng Bull},
year = {2000}
}

@book{Dasu:2003ul,
author = {Dasu, T and Johnson, T},
title = {{Exploratory data mining and data cleaning}},
publisher = {John Wiley},
year = {2003}
}

@article{Allison:2006wz,
author = {Allison, D B and Cui, X and Page, G P and Sabripour, M},
title = {{Microarray data analysis: from disarray to consolidation and consensus}},
journal = {Nature Reviews Genetics},
volume = {7},
pages = {55-65},
year = {2006}
}


@article{Tibshirani:2002fj,
author = {Tibshirani, Robert and Walther, Guenther and Hastie, Trevor},
title = {{Estimating the number of clusters in a data set via the gap statistic}},
journal = {Journal of the Royal Statistical Society: Series B (Statistical Methodology)},
year = {2002},
volume = {63},
number = {2},
pages = {411--423},
month = jan
}

@book{efron1994introduction,
  title={An introduction to the bootstrap},
  author={Efron, Bradley and Tibshirani, Robert J},
  volume={57},
  year={1994},
  publisher={CRC press}
}

% packages

@Manual{package:dplyr,
    title = {dplyr: A Grammar of Data Manipulation},
    author = {Hadley Wickham and Romain Francois},
    year = {2014},
    note = {R package version 0.3.0.2},
    url = {http://CRAN.R-project.org/package=dplyr},
}

@Manual{package:tidyr,
    title = {tidyr: Easily tidy data with spread and gather functions.},
    author = {Hadley Wickham},
    note = {R package version 0.1.0.9000},
    url = {https://github.com/hadley/tidyr},
    year = {2014}
}

@Article{package:reshape2,
    title = {Reshaping Data with the {reshape} Package},
    author = {Hadley Wickham},
    journal = {Journal of Statistical Software},
    year = {2007},
    volume = {21},
    number = {12},
    pages = {1--20},
    url = {http://www.jstatsoft.org/v21/i12/},
}

@Book{package:ggplot2,
    author = {Hadley Wickham},
    title = {ggplot2: elegant graphics for data analysis},
    publisher = {Springer New York},
    year = {2009},
    isbn = {978-0-387-98140-6},
    url = {http://had.co.nz/ggplot2/book},
}

@Manual{package:survival,
    author = {Therneau, Terry},
    title = {A Package for Survival Analysis in {S}},
    note = {R package version 2.37-7},
    url = {URL:http://CRAN.R-project.org/package=survival},
    year = {2014}
}

@book{Therneau:2000tk,
    author = {Therneau, Terry M. and Grambsch, Patricia M.},
    title = {{Modeling survival data: extending the Cox model}},
    publisher = {Springer, New York},
    year = {2000}
}

@article{Friedman:2010wm,
    author = {Friedman, J. and Hastie, T. and Tibshirani, R},
    title = {{Regularization paths for generalized linear models via coordinate descent}},
    journal = {Journal of statistical software},
    year = {2010}
}

@Manual{package:lme4,
    author = {Bates, D and Maechler, M and Bolker, BM and Walker, S},
    title = {{lme4: Linear mixed-effects models using Eigen and S4.}},
    note = {R package version 1.1-7},
    year = {2014},
    url = {http://CRAN.R-project.org/package=lme4}
}

@Manual{package:ggvis,
    title = {ggvis: Interactive grammar of graphics},
    author = {{RStudio Inc.}},
    year = {2014},
    note = {R package version 0.4},
    url = {http://CRAN.R-project.org/package=ggvis},
}

@Article{package:multcomp,
    title = {Simultaneous Inference in General Parametric Models},
    author = {Torsten Hothorn and Frank Bretz and Peter Westfall},
    journal = {Biometrical Journal},
    year = {2008},
    volume = {50},
    number = {3},
    pages = {346--363},
}

@Manual{package:Lahman,
    title = {Lahman: Sean Lahman's Baseball Database},
    author = {Michael Friendly},
    year = {2014},
    note = {R package version 3.0-1},
    url = {http://CRAN.R-project.org/package=Lahman},
}
